% Książkai

@book{evans2004ddd,
  title     = {Domain-Driven Design: Tackling Complexity in the Heart of Software},
  author    = {Evans, Eric},
  year      = {2003},
  publisher = {Addison-Wesley Professional}
}

@book{vernon2013ddd,
  title     = {Implementing Domain-Driven Design},
  author    = {Vernon, Vaughn},
  year      = {2013},
  publisher = {Addison-Wesley Professional}
}

@book{khononov2021ddd,
  title     = {Learning Domain-Driven Design},
  author    = {Khononov, Vlad},
  year      = {2021},
  publisher = {O'Reilly Media, Inc.}
}

@book{brandolini2019eventstorming,
  title     = {Introducing EventStorming: An act of deliberate collective learning},
  author    = {Brandolini, Alberto},
  year      = {2019},
  publisher = {Addison-Wesley Professional}
}

@book{beck2003tdd,
  title     = {Test-Driven Development: By Example},
  author    = {Beck, Kent},
  year      = {2003},
  publisher = {Addison-Wesley Professional}
}

@book{unclebob2018cleanarchitecture,
  title     = {Clean Architecture: A Craftsman's Guide to Software Structure and Design},
  author    = {Martin, Robert C.},
  year      = {2018},
  publisher = {Person Education, Inc.}
}

% Artykuły
@article{microsoft2024roslyn,
  title   = {The .NET Compiler Platform SDK},
  author  = {Microsoft},
  year    = {2024},
  journal = {Microsoft Docs},
  url     = {https://docs.microsoft.com/en-us/dotnet/csharp/roslyn-sdk/}
}